<?xml version="1.0" encoding="UTF-8"?><collection xmlns="http://www.loc.gov/MARC21/slim"><record><leader>00499nam--2200169-u-4500</leader><controlfield tag="001">000056830</controlfield><controlfield tag="002">20191104</controlfield><controlfield tag="005">20191104051732</controlfield><controlfield tag="008">191104s1000------------r-----000-0-eng-d</controlfield><datafield ind1=" " ind2=" " tag="041"><subfield code="a">eng</subfield></datafield><datafield ind1="1" ind2=" " tag="100"><subfield code="a">ROSADO, RUI JOSE</subfield></datafield><datafield ind1="1" ind2="0" tag="245"><subfield code="a">AN INVESTIGATION OF NON-EQUILIBRIUM EFFECTS IN THERMAL ARGON PLASMAS</subfield><subfield code="c">RUI JOSE ROSADO</subfield></datafield><datafield ind1=" " ind2=" " tag="260"><subfield code="a">EINDHOVEN</subfield><subfield code="b">TECHNISCHE HOGESCHOOL EINDHOVEN</subfield><subfield code="c">1981</subfield></datafield><datafield ind1=" " ind2=" " tag="300"><subfield code="a">138 P</subfield></datafield><datafield ind1=" " ind2=" " tag="500"><subfield code="a">DONATIE GHEORGHE DINESCU</subfield></datafield><datafield ind1=" " ind2=" " tag="852"><subfield code="a">82780</subfield><subfield code="c">533.9</subfield></datafield><datafield ind1=" " ind2=" " tag="CAT"><subfield code="a">SYS</subfield><subfield code="c">20191104</subfield><subfield code="h">051732</subfield></datafield></record></collection>